<?xml version="1.0" encoding="UTF-8"?><collection xmlns="http://www.loc.gov/MARC21/slim"><record><leader>00457nam--2200145-i-4500</leader><controlfield tag="001">000030047</controlfield><controlfield tag="002">20161230</controlfield><controlfield tag="005">20161230201038</controlfield><controlfield tag="008">060222s1000------------r-----000-0-eng-d</controlfield><datafield ind1=" " ind2=" " tag="080"><subfield code="a">015:541.64</subfield></datafield><datafield ind1=" " ind2=" " tag="100"><subfield code="a">Lucas, Thierry</subfield></datafield><datafield ind1=" " ind2=" " tag="245"><subfield code="a">Proprietes dimensionnelles des macromolocules d`esters polyacryliques en solution et basicites comparees. these</subfield></datafield><datafield ind1=" " ind2=" " tag="260"><subfield code="a">Paris, Faculte Des Sciences, 1970, 6p</subfield></datafield><datafield ind1=" " ind2=" " tag="490"><subfield code="a">Extr.Du J.De Chim.Phys., 1971</subfield></datafield><datafield ind1=" " ind2=" " tag="852"><subfield code="a">38150</subfield></datafield></record></collection>